% ------------------------------------------------------------------------
% SAMPLE BIBLIOGRAPHY FILE
% ------------------------------------------------------------------------


@article{first_interferometric,
  author = {U. Wertmuller and C. L. Werner },
  title = {SAR interferometric signatures of forest},
  journal = {IEEE Transactions on Geoscience and Remote Sensing},
  volume = {33},
  pages = {1153– 1161},
  year = {1995}
}

@article{long_time_series,
  author = {L. Bruzzone and M. Marconcini and  U. Wertmuller and A. Wiesmann },
  title = {An Advanced System for the Automatic Classification of Multitemporal SAR images},
  journal = {IEEE Transactions on Geoscience and Remote Sensing},
  volume = {42},
  pages = {1321–1334},
  year = {2004}
}


@article{Unser,
  author = {Michael Unser},
  title = {Sum and Difference Histograms for Texture Classification},
  journal = {IEEE Transactions on Pattern Analysis and Machine Intelligence},
  volume = {Pami-8},
  number = {1},
  pages = {118-125},
  year = {1986}
}

@article{Martone,
  author = {Michele Martone and Paola Rizzoli},
  title = {The global forest/non-forest map from TanDEM-X interferometric SAR data},
  journal = {Remote Sensing of the Environment},
  volume = {205},
  pages = {352-373},
  year = {2018}
}

@article{Martone2,
  author = {Michele Martone and Paola Rizzoli},
  title = {A method for generating forest/non-forest maps from TanDEM-X interferometric data},
  journal = { 2015 IEEE International Geoscience and Remote Sensing Symposium},
  pages = {2634-2637},
  year = { 2015}
}

@article{Martone3,
  author = {Michele Martone and Benjamin Brautigam and Paola Rizzoli},
  title = {Coherence evaluation of TanDEM-X interferometric data},
  journal = { ISPRS Journal of Photogrammetry and Remote Sensing},
  volume={73},
  pages = {21-29},
  year = { 2012}
}

@article{corine,
  author = {C. S. G. Jaffrain},
  title = {CORINE Land Cover 2012 Final Validation Report},
  journal = { Tech. Rep. GIO CLC2012 Validation Report SC2-1-4, European Environment Agency},
  year = {Feb 2017}
}

@article{prodes,
  author = {Valeriano, D.M. and Mello, E.M.K. and Moreira, J.C. and Shimabukuro, Y.E. and Duarte, V.; Souza, I.M. and dos Santos, J.R. and Barbosa, C.C.F. and de Souza and R.C.M},
  title = {R.C.M. Monitoring tropical forest from space: The prodes digital project},
  journal = { Int. Arch. Photogramm. Remote. Sens. Spat. Inf. Sci.},
  volume = {35},
  pages = {272-274},
  year = {2004}
}
@article{rfsar,
  author = {A. D. Kulkarni and B. Lowe},
  title = {Random forest algorithm for land cover classification},
  journal = { International Journal on Recent and Innovation Trends in
Computing and Communication},
  volume={4},
  pages = {58-63},
  year = {2016}
}

@Article{rf,
    title = {Classification and Regression by random Forest},
    author = {Andy Liaw and Matthew Wiener},
    journal = {R News},
    year = {2002},
    volume = {2},
    number = {3},
    pages = {18-22},
    url = {https://CRAN.R-project.org/doc/Rnews/},
  }
@article{Krieger,
  author = { Gerhard Krieger and Alberto Moreira and Hauke Fiedler and Irena Hajnsek},
  title = { TanDEM-X: A Satellite Formation for High-Resolution SAR Interferometry },
  journal = { IEEE Transactions on Geoscience and Remote Sensing },
  volume={45},
  pages = {3317 - 3341},
  year = {2007 }
}

@manual{glob,
  title = { European Space Agency GlobCover Portal },
  url = { http: //due.esrin.esa.int/globcover/ },
  year = {2015}
}

@article{Rizzoli,
  author = {Paola Rizzoli and Michele Martone and Helmut Hott and Alberto Moreira},
  title = {Characterization of Snow Facies on the Greenland Ice Sheet Observed by TanDEM-X Interferometric SAR Data},
  journal = {Remote Sensing 9},
  volume = {4},
  pages = {21-29},
  year = {2017}
}

@article{Paolo,
  author = {Francescopaolo Sica and Andrea Pulella and Matteo Nannini,
Muriel Pinheiro and Paola Rizzoli},
  title = {Repeat-pass SAR interferometry for land cover
classification: a methodology using Sentinel-1
Short-Time-Series },
  journal = {Remote Sensing of Environment},
  volume = {232},
  year = {2019}
}

@article{coregistration,
  author = {N. Yague-Martinez and P. Prats-Iraola and F. R. Gonzalez and R. Brcic and R. Shau and D. Geudtner and M. Eineder and R. Bamler},
  title = {Interferometric processing of Sentinel-1 TOPS data},
  journal = {IEEE Transactions on Geoscience and Remote Sensing},
  year = {2016}
}
@article{Small,
  author = {David Small},
  title = {Flattening Gamma: Radiometric Terrain Correction for SAR Imagery},
  journal = {IEEE Transactions on Geoscience and Remote Sensing},
  volume = {49},
  number = {8},
  year = {2011}
}
@article{decompose_coherence,
  author = {H. Zebker and J. Villasenor},
  title = {Decorrelation in interferometric radar echoes},
  journal = {IEEE Transactions on Geoscience and Remote Sensing},
  volume = {30},
  number = {5},
  year = {1992}
}
@article{Raney,
  author = {K. Raney and A. Freeman and B. Hawkins and R. Bamler},
  title = {A plea for radar brightness},
  journal = {Proc. IGARSS},
  pages = {1090-1092},
  year = {1994}
}

@article{Graham,
  author = {L.C. Graham},
  title = {Synthetic interferometer radar for topographic mapping},
  journal = { Proceedings of the IEEE},
  volume = {62},
  number = {6},
  pages = {763-768},
  year = {1974}
}
@article{Bamler,
  author = {R. Bamler and P. Hartl},
  title = {Synthetic aperture radar interferometry},
  journal = { Inverse Problems},
  volume = {14},
  number = {4},
  pages = {R1-R54},
  year = {1998}
}

@article{Acqua,
  author = {F. Dell'Acqua and P. Gamba},
  title = {Texture-Based Characterization of Urban
Environments on Satellite SAR Images},
  journal = {IEEE Transactions on Geosensing and Remote Sensing},
  volume = {41},
  number = {1},
  pages = {153-159},
  year = {2003}
}

@article{Ulaby,
  author = {Fawwaz Ulaby and F. Kouyate and B. Brisco},
  title = {Textural Information in SAR Images},
  journal = {IEEE Transactions on Geosensing and Remote Sensing},
  volume = {GE.24},
  number = {2},
  pages = {235-245},
  year = {1986}
}

@article{Sarker,
  author = {Sarker and Janet Nichol and Huseyin Iz and Baharin Ahmad and Alias Rahman},
  title = {Textural Information in SAR Images},
  journal = {IEEE Transactions on Geosensing and Remote Sensing},
  volume = {51},
  number = {6},
  pages = {3371-3384},
  year = {2013}
}


@article{Woodcock,
  author = {C.E. Woodcock and A.H. Strahler},
  title = {The factor of scale in remote sensing},
  journal = {Remote Sens. Environ.},
  volume = {21},
  number = {3},
  pages = {311-332},
  year = {1987}
}

@article{Zucker,
  author = {Steven W. Zucker and Demetri Terzoupoulos},
  title = {Finding Structure in Co-occurence Matrices for Texture Analysis},
  journal = {Computer Graphics and image processing},
  volume = {12},
  number = {4},
  pages = {286-308},
  year = {1980}
}

@article{Rosen,
  author = { P.A. Rosen and S. Hensley and I.R. Joughin and F.K. Li and S.N. Madsen and E. Rodriguez and R.M. Goldstein },
  title = {Synthetic aperture radar interferometry},
  journal = { Proceedings of the IEEE },
  volume = {88},
  number = {3},
  pages = {333 - 382},
  year = {2000}
}

@article{vintetres,
  author = {  A. Moreira and G. Krieger and I. Hajnsek and D. Hounam and M. Werner and S. Riegger and E. Settelmeyer  },
  title = {TanDEM-X: a TerraSAR-X add-on satellite for single-pass SAR interferometry},
  journal = {  Proceedings on Geoscience and Remote Sensing Symposium 2004.
IGARSS '04, Anchorage, USA },
  year = {20-24 Sept. 2004 }
}

@article{vintequatro,
  author = { I. Hajnsek and A. Moreira},
  title = {TanDEM-X: Mission and Science Exploration},
  journal = {  Proceedings on the 6th European Conference on SAR. EUSAR '06, Dresden, Germany},
  year = {May 2006}
}

@article{sentinelmission,
  author = {  Paul Snoeij and Evert Attema and Malcolm Davidson and Nicolas Floury and Guido Levrini and Betlem Rosich },
  title = {Sentinel-1, the GMES radar mission},
  journal = {  2008 IEEE Radar Conference},
  year = {December 2008}
}

@article{generalizedcoherence,
  author = { A. Parizzi and X. Y. Cong and M. Eineder },
  title = {First Results from Multifrequency Interferometry. a Comparison of Different Decorrelation Time Constants at L, C and X Band},
  journal = {  ESA Special Publication},
  year = {2010}
}

@article{rocca,
  author = {  F. Rocca},
  title = {Modeling interferogram stacks},
  journal = {  IEEE Transactions on Geo- science and Remote Sensing},
  year = {2007}
}

@article{tutorial,
  author = {   Alberto Moreira and Pau Prats-Iraola and Marwan Younis and Gerhard Krieger and Irena Hajnsek  },
  title = {Sentinel-1, the GMES radar mission},
  journal = {   IEEE Geoscience and Remote Sensing Magazine},
  year = { 2013},
  volume = {1}, 
  pages={6-43}
}
@book{papoulis,
  author = {Athanasious Papoulis and  S. Unnikrishna Pillai},
  title = {Probability, Random Variables and Stochastic Processes},
  publisher = {McGraw-Hill Europe},
  year = {2002},
  edition = "fourth edition"

}

@book{radiometric,
  author = { Fawwaz Ulaby and  David Long},
  title = {Microwave Radar and Radiometric Remote Sensing},
  publisher = {University of Michigan Press},
  year = {2013},
  edition = "first edition"

}

@book{livro,
  author = { Ian Cumming and Frank Wong},
  title = {Digital Processing of Synthetic Aperture Radar Data: Algorithms and Implementation},
  publisher = {Artech House},
  year = {2005},
  edition = "first edition"

}

@book{wong,
  author = { Frank Wong and  Ian Cumming},
  title = {Digital Processing of Synthetic Aperture Radar Data: Algorithms and Implementation},
  publisher = {Artech House Publishers},
  year = {2005},
  edition = "first edition"

}

@phdthesis{Paolathesis,
    title    = {Radar Backscatter Modeling Based on Global TanDEM-X Mission Data},
    school   = {Karlsruhe Institute of Technology},
    author   = {Rizzoli, Paola},
    year     = {2018}
}

@phdthesis{Andreathesis,
    title    = {An analysis of the potentials of TanDEM-X data to characterize tropical forest horizontal heterogeneity},
    school   = {University of Pisa},
    author   = {Andrea Pulella},
    year     = {2017}
}

@article{Rodrigo,
author = {Pulella, Andrea and Santos, Rodrigo and Sica, Francescopaolo and Posovszky, Philipp and Rizzoli, Paola},
year = {2020},
month = {03},
pages = {847},
title = {Multi-Temporal Sentinel-1 Backscatter and Coherence for Rainforest Mapping},
volume = {12},
journal = {Remote Sensing},
doi = {10.3390/rs12050847}
}

@article{Alberto,
author = {A. Moreira and P. Prats-Iraola and M. Younis and G. Krieger and I. Hajnsek and K. P. Papathanassiou},
journal = {IEEE Geoscience and Remote Sensing Magazine},
month = {March},
pages = {6-43},
title = {A tutorial on synthetic aperture radar},
volume = {1},
year = {2013},
}

@article{Ulander,
author = {L. M. H. Ulander and H. Hellsten and G. Stenstrom},
journal = {IEEE Transactions on Aerospace and Electronic Systems},
month = {July},
number = {03},
pages = {760-776},
title = {Synthetic-aperture radar processing using fast factorized back-projection},
volume = {39},
year = {2003},
}

@book{Carabas,
author = {M. Lundberg and L. M. H. Ulander and W. E. Pierson and A. Gustavsson},
publisher = {Proceedings of SPIE},
title = {A challenge problem for detection of targets in foliage},
year = {2006},
}

@article{Ricardo,
author = {R. D. Molin and R. A. S. Rosa and F. M. Bayer and M. I. Pettersson and R. Machado},
journal = {IEEE International Geoscience and Remote Sensing Symposium},
pages = {1514-1517},
title = {A Change Detection Algorithm for Sar Images Based on Logistic Regression},
year = {2019},
unidentified = {IGARSS},
}

@book{Book_ML,
address = {book series, pp. 3-21},
author = {M. Alloghani and D. Al-Jumeily and J. Mustafina and A. Hussain and A. J. Aljaaf},
publisher = {Springer},
title = {A Systematic Review on Supervised and Unsupervised Machine Learning Algorithms for Data Science},
year = {2020},
}

@book{Book_Kay,
author = {S.M.Kay},
edition = {1},
editor = {Prentice-Hall},
title = {Fundamentals of Statistical Signal Processing, Detection Theory},
year = {1989},
}

@article{LRT1,
author = {M. I. Pettersson and V. T. Vu and N. R. Gomes and P. Dammert and H. Hellsten},
journal = {IEEE International Geoscience and Remote Sensing Symposium},
pages = {1892-1895},
title = {Incoherent detection of man-made objects obscured by foliage in forest area},
year = {2017},
unidentified = {IGARSS},
}

@article{LRT2,
author = {V. T. Vu},
journal = {IEEE Geoscience and Remote Sensing Letters},
month = {July},
number = {07},
pages = {1012-1016},
title = {Wavelength-Resolution SAR Incoherent Change Detection Based on Image Stack},
volume = {14},
year = {2017},
}

@article{LRT3,
author = {V. T. Vu and N. R. Gomes and M. I. Pettersson and P. Dammert and H. Hellsten},
journal = {IEEE Transactions on Geoscience and Remote Sensing},
month = {January},
number = {01},
pages = {473-481},
title = {Bivariate Gamma Distribution for Wavelength-Resolution SAR Change Detection},
volume = {57},
year = {2019},
}

@article{GLRT1,
author = {H. Zhuang and Z. Tan and K. Deng and G. Yao},
journal = {IEEE Geoscience and Remote Sensing Letters},
month = {March},
number = {3},
pages = {416-420},
title = {Adaptive Generalized Likelihood Ratio Test for Change Detection in SAR Images},
volume = {17},
year = {2020},
}

@article{GLRT2,
author = {J. Barber},
journal = {IEEE Geoscience and Remote Sensing Letters},
month = {September},
number = {09},
pages = {1873-1877},
title = {A Generalized Likelihood Ratio Test for Coherent Change Detection in Polarimetric SAR},
volume = {12},
year = {2015},
}

@article{GLRT3,
author = {Weiying Zhao and S. Lobry and H. Maitre and J.-M. Nicolas and F. Tupin},
journal = {9th International Workshop on the Analysis of Multitemporal Remote Sensing Images},
pages = {1-4},
title = {Urban area change detection based on generalized likelihood ratio test},
year = {2017},
}

@article{Bayes1,
author = {D. I. Alves and B. G. Palm and H. Hellsten and V. T. Vu and M. I. Pettersson and R. Machado and B. F. Uchôa-Filho},
journal = {IEEE Journal of Selected Topics in Applied Earth Observations and Remote Sensing},
pages = {5560-5568},
title = {Wavelength-Resolution SAR Change Detection Using Bayes’ Theorem},
volume = {13},
year = {2020},
}

@article{Bayes2,
author = {H. Zhang and W. Ni and W. Yan and H. Bian and J. Wu},
journal = {The Scientific World Journal},
pages = {12},
title = {Fast SAR Image Change Detection Using {B}ayesian Approach Based Difference Image and Modified Statistical Region Merging},
volume = {2875},
year = {2014},
}

@article{Vinholi,
author = {J. G. Vinholi and D. Silva and R. Machado and M. I. Pettersson},
journal = {IEEE Geoscience and Remote Sensing Letters},
pages = {1-5},
title = {CNN-Based Change Detection Algorithm for Wavelength Resolution SAR Images},
volume = {1},
year = {2020},
}

@article{Campos,
author = {A. B. Campos and M. I. Pettersson and V. T. Vu and R. Machado},
journal = {IEEE Geoscience and Remote Sensing Letters},
pages = {1-5},
title = {False Alarm Reduction in Wavelength-Resolution SAR Change Detection Schemes by Using a Convolutional Neural Network},
volume = {1},
year = {2020},
}

@inproceedings{PefMe,
address = {no. 01},
author = {Flach, P.},
booktitle = {Proceedings of the AAAI Conference on Artificial Intelligence},
pages = {9808-9814},
publisher = {vol. 33},
title = {Performance Evaluation in Machine Learning: The Good, the Bad, the Ugly, and the Way Forward},
year = {2019},
}

@article{LucasRamos,
author = {Ramos, L. P. and Campos, A. B. and Schwartz, C. and Duarte, L. T. and Alves, D. I. and Pettersson, M. I. and Vu, V. T. and Machado, R. A.},
journal = {Remote Sensing},
pages = {833},
title = {Wavelength-Resolution SAR Change Detection Method Based on Image Stack through Robust Principal Component Analysis},
volume = {13},
year = {2021},
}

@article{Chris,
author = {C. Schwartz and L. P. Ramos and L. T. Duarte and M. S. Pinho and M. I. Pettersson and V. T. Vu and R. Machado},
journal = {Remote Sensing},
pages = {12},
title = {Change Detection in UWB SAR Images Based on Robust Principal Component Analysis},
volume = {2020},
year = {1916},
}


@article{Kevin,
author = {K. L. de Jong and A. S. Bosman},
journal = {Unsupervised Change Detection in Satellite Images Using Convolutional Neural Networks},
year = {2019},
}

@article{Haralick,
author = {R. M. Haralick and K. Shanmugam and I. Dinstein},
journal = {IEEE Transactions on Systems, Man, and Cybernetics},
month = {November},
number = {06},
pages = {610-621},
title = {Textural Features for Image Classification},
volume = {3},
year = {1973},
}

@inproceedings{Laws,
author = {K. I. Laws},
booktitle = {Proc. image understanding workshop},
pages = {47-51},
title = {Texture energy measures},
year = {1979},
}

@article{Unser,
author = {M. Unser},
journal = {IEEE Transactions on Pattern Analysis and Machine Intelligence},
month = {January},
number = {01},
pages = {118-125},
title = {Sum and Difference Histograms for Texture Classification},
volume = {8},
year = {1986},
}

@article{Sarker,
author = {M . D. Sarker,  J. Nichol, H.  Iz, B. B. Ahmad, and A. Rahman},
journal = {IEEE Transactions on Geoscience and Remote Sensing},
month = {June},
number = {06},
pages = {3371-3384},
title = {Forest Biomass Estimation Using Texture Measurements of High-Resolution Dual-Polarization C-Band SAR Data},
volume = {51},
year = {2013},
}

@InProceedings{Unet,
author="Ronneberger, Olaf
and Fischer, Philipp
and Brox, Thomas",
editor="Navab, Nassir
and Hornegger, Joachim
and Wells, William M.
and Frangi, Alejandro F.",
title="U-Net: Convolutional Networks for Biomedical Image Segmentation",
booktitle="Medical Image Computing and Computer-Assisted Intervention -- MICCAI 2015",
year="2015",
publisher="Springer International Publishing",
address="Cham",
pages="234--241",
abstract="There is large consent that successful training of deep networks requires many thousand annotated training samples. In this paper, we present a network and training strategy that relies on the strong use of data augmentation to use the available annotated samples more efficiently. The architecture consists of a contracting path to capture context and a symmetric expanding path that enables precise localization. We show that such a network can be trained end-to-end from very few images and outperforms the prior best method (a sliding-window convolutional network) on the ISBI challenge for segmentation of neuronal structures in electron microscopic stacks. Using the same network trained on transmitted light microscopy images (phase contrast and DIC) we won the ISBI cell tracking challenge 2015 in these categories by a large margin. Moreover, the network is fast. Segmentation of a 512x512 image takes less than a second on a recent GPU. The full implementation (based on Caffe) and the trained networks are available at http://lmb.informatik.uni-freiburg.de/people/ronneber/u-net.",
isbn="978-3-319-24574-4"
}

@inproceedings{25,
  title={Development of VHF CARABAS II SAR},
  author={H. Hellsten and L. Ulander and A. Gustavsson and B. Larsson},
  booktitle={Defense, Security, and Sensing},
  year={1996}
}

@ARTICLE{48,  
author={Gomes, Natanael Rodrigues and Dammert, Patrik and Pettersson, Mats Ingemar and Vu, Viet Thuy and Hellsten, Hans},  
journal={IEEE Geoscience and Remote Sensing Letters},   
title={Comparison of the Rayleigh and K-Distributions for Application in Incoherent Change Detection},   
year={2019},  
volume={16},  
number={5},  
pages={756-760},  
doi={10.1109/LGRS.2018.2881733}
}

@article{61,
author = {Ulander, L.M.H. and Lundberg, M. and Pierson, W. and Gustavsson, A.},
year = {2006},
month = {01},
pages = {413 - 420},
title = {Change detection for low-frequency SAR ground surveillance},
volume = {152},
journal = {Radar, Sonar and Navigation, IEE Proceedings -},
doi = {10.1049/ip-rsn:20050002}
}

@ARTICLE{62,
  author={Ulander, L.M.H. and Hellsten, H. and Stenstrom, G.},
  journal={IEEE Transactions on Aerospace and Electronic Systems}, 
  title={Synthetic-aperture radar processing using fast factorized back-projection}, 
  year={2003},
  volume={39},
  number={3},
  pages={760-776},
  doi={10.1109/TAES.2003.1238734}
  }

@inproceedings{63,
  title={VHF-band SAR for detection of concealed ground targets},
  author={L. Ulander},
  year={2004}
}

@ARTICLE{64,
  author={Smith, G. and Ulander, L.M.H.},
  journal={IEEE Transactions on Geoscience and Remote Sensing}, 
  title={A model relating VHF-band backscatter to stem volume of coniferous boreal forest}, 
  year={2000},
  volume={38},
  number={2},
  pages={728-740},
  doi={10.1109/36.842002}}


@INPROCEEDINGS{66,  
author={Binder, B.T. and Toups, M.F. and Ayasli, S. and Adams, E.M.},  
booktitle={Proceedings International Radar Conference},   
title={SAR foliage penetration phenomenology of tropical rain forest and northern US forest},   
year={1995},  
volume={},  
number={},  
pages={158-163},  
doi={10.1109/RADAR.1995.522538}
}

@inproceedings{75,
  title={FOPEN change detection experiments using a CARABAS public release data set},
  author={L. Novak},
  booktitle={Defense + Commercial Sensing},
  year={2010}
}

@inproceedings{76,
author = {Mikael Lundberg and Lars M. H. Ulander and William E. Pierson and Anders Gustavsson},
title = {{A challenge problem for detection of targets in foliage}},
volume = {6237},
booktitle = {Algorithms for Synthetic Aperture Radar Imagery XIII},
editor = {Edmund G. Zelnio and Frederick D. Garber},
organization = {International Society for Optics and Photonics},
publisher = {SPIE},
pages = {160 -- 171},
keywords = {Challenge Problem, VHF SAR, CARABAS-II, Change Detection},
year = {2006},
doi = {},
URL = {https://doi.org/10.1117/12.663594}
}


@article{77,
author = {Ulander, L.M.H. and Frolind, Per-Olov and Martin, Tdelarosa},
year = {2000},
month = {03},
pages = {},
title = {Processing and Calibration of Ultra-Wideband SAR Data from Carabas-II}
}

@article{78,
author = {Fransson, Johan and Walter, Fredrik and Ulander, L.M.H.},
year = {2000},
month = {04},
pages = {720 - 727},
title = {Estimation of forest parameters using CARABAS-II VHF SAR data},
volume = {38},
journal = {Geoscience and Remote Sensing, IEEE Transactions on},
doi = {10.1109/36.842001}
}

@inproceedings{79,
author = {Norm VandenBerg and Dan R. Sheen and Stan Shackman and David L. Wiseman},
title = {{P-3 ultrawideband SAR: system applications to foliage penetration}},
volume = {2757},
booktitle = {Algorithms for Synthetic Aperture Radar Imagery III},
editor = {Edmund G. Zelnio and Robert J. Douglass},
organization = {International Society for Optics and Photonics},
publisher = {SPIE},
pages = {130 -- 135},
year = {1996},
doi = {},
URL = {https://doi.org/10.1117/12.242029}
}

@ARTICLE{80,
  author={Sletten, Mark A. and Brozena, John},
  journal={IEEE Geoscience and Remote Sensing Letters}, 
  title={FOPEN Target Detection via Joint Space/Angle Variation}, 
  year={2016},
  volume={13},
  number={6},
  pages={762-766},
  doi={10.1109/LGRS.2016.2542045}}


@Article{81,
author = {Lars M.H. Ulander and Per-Olov Froelind and Anders Gustavsson and Hans Hellsten and Bjoern Larsson},
title = {{Detection of concealed ground targets in CARABAS SAR images using change detection}},
volume = {3721},
booktitle = {Algorithms for Synthetic Aperture Radar Imagery VI},
editor = {Edmund G. Zelnio},
organization = {International Society for Optics and Photonics},
publisher = {SPIE},
pages = {243 -- 252},
year = {1999},
doi = {},
URL = {https://doi.org/10.1117/12.357641}
}



% ------------------------------------------------------------------------
